@article{tunali2017survey,	
	title = {A Survey of Fault-Tolerance Algorithms for Reconfigurable Nano-Crossbar Arrays},
	author = {Tunali, Onur and Altun, Mustafa},
	journal = {ACM Comput. Surv.},
	issue_date = {November 2017},
	volume = {50},
	number = {6},
	month = nov,
	year = {2017},
	issn = {0360-0300},
	pages = {79:1--79:35},
	articleno = {79},
	numpages = {35}	
}